@misc{sixdegreeswiki,
    key = 1,
    title = {Wikipedia: Six Degrees of Wikipedia},
    year = {2018},
    note = {Last accessed 12 November 2018},
    howpublished = {\url{https://en.wikipedia.org/wiki/Wikipedia:
    Six\_degrees\_of\_Wikipedia}}
}

@misc{sixdegrees,
    author = {Jacob Wenger},
    title = {Six Degrees of Wikipedia},
    year = {2018},
    note = {Last accessed 12 November 2018},
    howpublished = {\url{https://www.sixdegreesofwikipedia.com/}}
}

@misc{princeton,
    author = {Robert Sedgewick},
    title = {Finding Paths in Graphs},
    year = {2007},
    howpublished = {\url{http://www.cs.princeton.edu/~rs/talks/PathsInGraphs07.pdf}}
}

@misc{Small-world_routing,
    key = 2,
    title = {Small-world routing},
    year = {2018},
    note = {Last accessed 12 November 2018},
    howpublished = {\url{https://en.wikipedia.org/wiki/Small-world\_routing}}
}

@misc{data,
    key = 3,
    title = {Data\_dump\_torrents\#English\_Wikipedia},
    year = {2018},
    note = {Last accessed 12 November 2018},
    howpublished = {\url{https://meta.wikimedia.org/wiki/Data\_dump\_torrents#English\_Wikipedia}}
}


@misc{sizeofwiki,
    key = 4,
    title = {Wikipedia:Size\_of\_Wikipedia},
    year = {2018},
    note = {Last accessed 12 November 2018},
    howpublished = {\url{https://en.wikipedia.org/wiki/Wikipedia:Size_of_Wikipedia}}
}

@misc{wikigame,
    author = {Alex Clemesha},
    title = {The Wiki Game},
    year = {2018},
    note = {Last accessed 12 November 2018},
    howpublished = {\url{www.thewikigame.com}}
}

@misc{kmeans,
    author  = { Bouhmala,Noureddine, and  Viken,Anders, and Blasas Lonnum,Jonas },
    title   = {A multilevel K-Means algorithm for the clustering problem},
    journal = {2016 IEEE International Conference on Cloud Computing and Big Data Analysis (ICCCBDA)},
    year    = {2016},
    howpublished = {\url{https://ieeexplore.ieee.org/document/7529544}}
}
